@article{tone:2000,
	author = {Zhu, Xiaoyan and Yu, Wang and Liu, Jun},
	title = {An approach of Fundamental Frequencies Smoothing for Chinese Tone Recognition},
	journal = {Journal of Chinese Information Processing},
	year = "2000",
	volume = {15},
	number = {2},
	month = may,
}